@article{ion,
    author = "K. Holste
 ; P. Dietz; S. Scharmann; K. Keil;  T. Henning 
 ;  D. Zschätzsch;  M. Reitemeyer;  B. Nauschütt; F. Kiefer;  F. Kunze;  J. Zorn;  C. Heiliger;  N. Joshi;  U. Probst;  R. Thüringer;  C. Volkmar
 ;  D. Packan; S. Peterschmitt;  K. -T. Brinkmann;  H.-G. Zaunick;  M. H. Thoma;  M. Kretschmer 
ORCID logo
 ;  H. J. Leiter;  S. Schippers 
ORCID logo
 ; K. Hannemann;  P. J. Klar",
    title = "Ion thrusters for electric propulsion: Scientific issues developing a niche technology into a game changer",
    journal = "Review of Scientific Instruments",
    year = "2020"
}

@article {Detektorsystem,
    author = {O. Jagutzki, V. Mergel},
    title = {A broad-application microchannel-plate detector system for advanced particle or photon detection tasks: large area imaging, precise multi-hit timing information and high detection rate},
    journal = {Nuclear Instruments and Methods in Physics Research Section A: Accelerators, Spectrometers, Detectors and Associated Equipment},
    volume = {477},
    number = {244–249},
    year = {2002}
}

@article {CO2,
    author = {Bundesamt für Wirtschaft und Ausfuhrkontrolle},
    title = {Informationsblatt CO2-Faktoren},
    year = {2024}
}

@book{EII,
  author = {S. M. Younger, P. J. O. Teubner},
  editor = {T. D. Märk, G. H. Dunn},
  publisher = {Springer-Verlag Wien},
  title = {Electron Impact Ionisation},
  year = {1985}
}

@article {Lotz_2,
    author = {Wolfgang Lotz},
    title = {Electron-impact ionization cross-sections for atoms up to Z},
    journal = {Zeitschrift für Physik A Hadrons and Nuclei},
    volume = {232},
    number = {2},
    year = {1970}
}

@article {dissociative,
    author = {Maarten F. Heringa, and others},
    title = {Dissociative Ionization Mechanism and Appearance Energies in Adipic Acid Revealed by Imaging Photoelectron Photoion Coincidence, Selective Deuteration, and Calculations},
    journal = {The Journal of Physical Chemistry A},
    volume = {120},
    number = {20},
    year = {2016}
}

@article {Holzte,
    author = {K., Holzte},
    title = {},
    year = {2024}
}

@phdthesis{Ebinger,
  author = {Ebinger, Benjamin Janosch},
  school = {JLU},
  title = {Messung von Wirkungsquerschnitten der Elektronenstoßionisation von Xenonionen mit einer neuen Hochleistungselektronenkanone},
  year = {2020}
}

@article{Lotz,
  author = {Wolfgang Lotz},
  title = {An empirical formula for the electron-impact ionization crosssection.},
  journal = {Zeitschrift für Physik},
  volume = {206},
  number = {2},
  year = {1967},
  doi = {10.1007/BF01325928},
}

@article{Straub,
  author = {Straub H. C., et al.},
  title = {Absolute partial and total cross sections for electron-impact ionization of argon
from threshold to 1000 eV},
  journal = {Physical Review A},
  volume = {52},
  number = {2},
  year = {1995}
}

@patent{MCP,
  author       = {Sadeg M. Faris, Kanti Jain},
  title        = {Microchannel plate technology},
  number       = {US5565729A},
  year         = {1996},
  date         = {1996-10-15}
}